<record><leader>00000cas a22000007a 4500</leader><controlfield tag="001">17375160</controlfield><controlfield tag="008">880122d18uu1uuumsuwr ne      0   a0eng d</controlfield><datafield ind1=" " ind2=" " tag="010"><subfield code="a">sn 88067092 </subfield></datafield><datafield ind1=" " ind2=" " tag="040"><subfield code="a">MFM</subfield><subfield code="b">eng</subfield><subfield code="c">MFM</subfield><subfield code="d">MSJ</subfield><subfield code="d">OCL</subfield><subfield code="d">OCLCQ</subfield><subfield code="d">OCLCF</subfield><subfield code="d">OCLCO</subfield><subfield code="d">DLC</subfield><subfield code="d">OCL</subfield></datafield><datafield ind1="0" ind2=" " tag="022"><subfield code="a">2469-9233</subfield><subfield code="2">1</subfield></datafield><datafield ind1=" " ind2=" " tag="042"><subfield code="a">msc</subfield><subfield code="a">nsdp</subfield></datafield><datafield ind1=" " ind2=" " tag="043"><subfield code="a">n-us-ms</subfield></datafield><datafield ind1="0" ind2="0" tag="050"><subfield code="a">Newspaper</subfield></datafield><datafield ind1="1" ind2="0" tag="082"><subfield code="a">071</subfield><subfield code="2">23</subfield></datafield><datafield ind1="0" ind2=" " tag="130"><subfield code="a">People's messenger (Okolona, Miss.)</subfield></datafield><datafield ind1=" " ind2="4" tag="222"><subfield code="a">The people's messenger</subfield><subfield code="b">(Okolona, Miss. Print)</subfield></datafield><datafield ind1="1" ind2="4" tag="245"><subfield code="a">The people's messenger.</subfield></datafield><datafield ind1=" " ind2=" " tag="260"><subfield code="a">Okolona, Miss. :</subfield><subfield code="b">Frank Burkitt</subfield></datafield><datafield ind1=" " ind2=" " tag="300"><subfield code="a">v.</subfield></datafield><datafield ind1=" " ind2=" " tag="310"><subfield code="a">Weekly</subfield></datafield><datafield ind1=" " ind2=" " tag="500"><subfield code="a">"Official organ of the State Alliance."</subfield></datafield><datafield ind1=" " ind2=" " tag="530"><subfield code="a">Archived issues are available in digital format from the Library of Congress Chronicling America online collection.</subfield></datafield><datafield ind1=" " ind2=" " tag="588"><subfield code="a">Description based on: Vol. 24, no. 11 (Nov. 20, 1895).</subfield></datafield><datafield ind1=" " ind2="0" tag="650"><subfield code="a">Populism</subfield><subfield code="z">Mississippi</subfield><subfield code="v">Newspapers.</subfield></datafield><datafield ind1=" " ind2="7" tag="650"><subfield code="a">Populism.</subfield><subfield code="2">fast</subfield><subfield code="0">(OCoLC)fst01071658</subfield></datafield><datafield ind1=" " ind2="7" tag="651"><subfield code="a">Mississippi</subfield><subfield code="z">Okolona</subfield><subfield code="2">fast</subfield><subfield code="0">(OCoLC)fst01226855</subfield></datafield><datafield ind1=" " ind2="0" tag="651"><subfield code="a">Okolona (Miss.)</subfield><subfield code="v">Newspapers.</subfield></datafield><datafield ind1=" " ind2="7" tag="651"><subfield code="a">Mississippi.</subfield><subfield code="2">fast</subfield><subfield code="0">(OCoLC)fst01207034</subfield></datafield><datafield ind1=" " ind2="7" tag="655"><subfield code="a">Newspapers.</subfield><subfield code="2">fast</subfield><subfield code="0">(OCoLC)fst01423814</subfield></datafield><datafield ind1=" " ind2=" " tag="752"><subfield code="a">United States</subfield><subfield code="b">Mississippi</subfield><subfield code="c">Chickasaw</subfield><subfield code="d">Okolona.</subfield></datafield><datafield ind1="0" ind2="8" tag="776"><subfield code="i">Online version:</subfield><subfield code="t">People's messenger (Okolona, Miss.)</subfield><subfield code="x">2469-9241</subfield><subfield code="w">(DLC)  2015270733</subfield><subfield code="w">(OCoLC)931924728</subfield></datafield><datafield ind1="0" ind2="0" tag="780"><subfield code="t">Chickasaw messenger (Okolona, Miss. : 1880)</subfield><subfield code="w">(DLC)sn 87065460</subfield><subfield code="w">(OCoLC)16103535</subfield></datafield><datafield ind1="0" ind2="0" tag="785"><subfield code="t">Okolona messenger</subfield><subfield code="w">(DLC)sn 87065462</subfield><subfield code="w">(OCoLC)16103582</subfield></datafield><datafield ind1="4" ind2="1" tag="856"><subfield code="u">http://www.loc.gov/chroniclingamerica/lccn/sn88067092/issues</subfield></datafield></record>